<record><leader>00000cas a22000007a 4500</leader><controlfield tag="001">13051858</controlfield><controlfield tag="008">860123d19101915iduwr ne      0    0eng d</controlfield><datafield ind1=" " ind2=" " tag="010"><subfield code="a">sn 86091062 </subfield></datafield><datafield ind1=" " ind2=" " tag="040"><subfield code="a">UNP</subfield><subfield code="b">eng</subfield><subfield code="c">UNP</subfield><subfield code="d">DLC</subfield><subfield code="d">NVB</subfield><subfield code="d">OCLCQ</subfield><subfield code="d">OCLCF</subfield><subfield code="d">OCLCO</subfield></datafield><datafield ind1="1" ind2=" " tag="029"><subfield code="a">AU@</subfield><subfield code="b">000023482835</subfield></datafield><datafield ind1=" " ind2=" " tag="042"><subfield code="a">msc</subfield></datafield><datafield ind1=" " ind2=" " tag="043"><subfield code="a">n-us-id</subfield></datafield><datafield ind1=" " ind2="4" tag="050"><subfield code="a">AN2.I2</subfield><subfield code="b">E442</subfield></datafield><datafield ind1="0" ind2=" " tag="130"><subfield code="a">Elmore County Republican (Mountain Home, Idaho : 1910)</subfield></datafield><datafield ind1="1" ind2="0" tag="245"><subfield code="a">Elmore County Republican.</subfield></datafield><datafield ind1="3" ind2="0" tag="246"><subfield code="a">Elmore County Republican and Mountain Home maverick</subfield></datafield><datafield ind1=" " ind2=" " tag="260"><subfield code="a">Mountain Home, Idaho :</subfield><subfield code="b">G. Jacobsen,</subfield><subfield code="c">-1915.</subfield></datafield><datafield ind1=" " ind2=" " tag="300"><subfield code="a">v. :</subfield><subfield code="b">ill.</subfield></datafield><datafield ind1=" " ind2=" " tag="310"><subfield code="a">Weekly</subfield></datafield><datafield ind1="1" ind2=" " tag="362"><subfield code="a">Began in 1910.</subfield></datafield><datafield ind1="0" ind2=" " tag="362"><subfield code="a">-v. 26, no. 8 (Dec. 4, 1915).</subfield></datafield><datafield ind1=" " ind2=" " tag="500"><subfield code="a">Published as: Elmore County Republican and Mountain Home maverick, Aug. 26, 1911-Feb. 17, 1912.</subfield></datafield><datafield ind1=" " ind2=" " tag="580"><subfield code="a">Absorbed: Mountain Home maverick, Aug. 26, 1911.</subfield></datafield><datafield ind1=" " ind2=" " tag="588"><subfield code="a">Description based on: Vol. 21, no. 33 (May 7, 1910).</subfield></datafield><datafield ind1=" " ind2="0" tag="651"><subfield code="a">Mountain Home (Idaho)</subfield><subfield code="v">Newspapers.</subfield></datafield><datafield ind1=" " ind2="7" tag="655"><subfield code="a">Newspapers.</subfield><subfield code="2">fast</subfield><subfield code="0">(OCoLC)fst01423814</subfield></datafield><datafield ind1=" " ind2="7" tag="651"><subfield code="a">Idaho</subfield><subfield code="z">Mountain Home.</subfield><subfield code="2">fast</subfield><subfield code="0">(OCoLC)fst01220477</subfield></datafield><datafield ind1=" " ind2=" " tag="752"><subfield code="a">United States</subfield><subfield code="b">Idaho</subfield><subfield code="c">Elmore</subfield><subfield code="d">Mountain Home.</subfield></datafield><datafield ind1="0" ind2="0" tag="780"><subfield code="t">Republican (Mountain Home, Idaho)</subfield><subfield code="w">(DLC)sn 86091061</subfield><subfield code="w">(OCoLC)13051482</subfield></datafield><datafield ind1="1" ind2="5" tag="780"><subfield code="t">Mountain Home maverick</subfield><subfield code="w">(DLC)sn 86091063</subfield><subfield code="w">(OCoLC)13051931</subfield></datafield><datafield ind1="0" ind2="0" tag="785"><subfield code="t">Mountain Home Republican</subfield><subfield code="w">(DLC)sn 86091059</subfield><subfield code="w">(OCoLC)13051061</subfield></datafield></record>